@article{hall2021circuitscape,
  title={Circuitscape in julia: empowering dynamic approaches to connectivity assessment},
  author={Hall, Kimberly R and Anantharaman, Ranjan and Landau, Vincent A and Clark, Melissa and Dickson, Brett G and Jones, Aaron and Platt, Jim and Edelman, Alan and Shah, Viral B},
  journal={Land},
  volume={10},
  number={3},
  pages={301},
  year={2021},
  publisher={Multidisciplinary Digital Publishing Institute}
}
