@book{crooks2006,
  title={Connectivity conservation},
  author={Crooks, Kevin R and Sanjayan, M},
  volume={14},
  year={2006},
  publisher={Cambridge University Press}
}

@article{kareiva1995connecting,
  title={Connecting landscape patterns to ecosystem and population processes},
  author={Kareiva, Peter and Wennergren, Uno},
  journal={Nature},
  volume={373},
  number={6512},
  pages={299},
  year={1995},
  publisher={Nature Publishing Group}
}
@article{gray2016applying,
  title={Applying fire connectivity and centrality measures to mitigate the cheatgrass-fire cycle in the arid West, USA},
  author={Gray, Miranda E and Dickson, Brett G},
  journal={Landscape ecology},
  volume={31},
  number={8},
  pages={1681--1696},
  year={2016},
  publisher={Springer}
}

@article{heller2009biodiversity,
  title={Biodiversity management in the face of climate change: a review of 22 years of recommendations},
  author={Heller, Nicole E and Zavaleta, Erika S},
  journal={Biological conservation},
  volume={142},
  number={1},
  pages={14--32},
  year={2009},
  publisher={Elsevier}
}

@article{littlefield2017connecting,
  title={Connecting today's climates to future climate analogs to facilitate movement of species under climate change},
  author={Littlefield, Caitlin E and McRae, Brad H and Michalak, Julia L and Lawler, Joshua J and Carroll, Carlos},
  journal={Conservation biology},
  volume={31},
  number={6},
  pages={1397--1408},
  year={2017},
  publisher={Wiley Online Library}
}

@article{keeley2017habitat,
  title={Habitat suitability is a poor proxy for landscape connectivity during dispersal and mating movements},
  author={Keeley, Annika TH and Beier, Paul and Keeley, Brian W and Fagan, Matthew E},
  journal={Landscape and Urban Planning},
  volume={161},
  pages={90--102},
  year={2017},
  publisher={Elsevier}
}

@article{spear2010use,
  title={Use of resistance surfaces for landscape genetic studies: considerations for parameterization and analysis},
  author={Spear, Stephen F and Balkenhol, Niko and FORTIN, MARIE-JOS{\'E}E and McRae, Brad H and Scribner, KIM},
  journal={Molecular ecology},
  volume={19},
  number={17},
  pages={3576--3591},
  year={2010},
  publisher={Wiley Online Library}
}

@article{zeller2012estimating,
  title={Estimating landscape resistance to movement: a review},
  author={Zeller, Katherine A and McGarigal, Kevin and Whiteley, Andrew R},
  journal={Landscape ecology},
  volume={27},
  number={6},
  pages={777--797},
  year={2012},
  publisher={Springer}
}

@article{zeller2012estimating,
  title={Estimating landscape resistance to movement: a review},
  author={Zeller, Katherine A and McGarigal, Kevin and Whiteley, Andrew R},
  journal={Landscape ecology},
  volume={27},
  number={6},
  pages={777--797},
  year={2012},
  publisher={Springer}
}

@article{urban2001landscape,
  title={Landscape connectivity: a graph-theoretic perspective},
  author={Urban, Dean and Keitt, Timothy},
  journal={Ecology},
  volume={82},
  number={5},
  pages={1205--1218},
  year={2001},
  publisher={Wiley Online Library}
}

@article{wright1943isolation,
  title={Isolation by distance},
  author={Wright, Sewall},
  journal={Genetics},
  volume={28},
  number={2},
  pages={114},
  year={1943},
  publisher={Genetics Society of America}
}

@article{dickson2019circuit,
  title={Circuit-theory applications to connectivity science and conservation},
  author={Dickson, Brett G and Albano, Christine M and Anantharaman, Ranjan and Beier, Paul and Fargione, Joe and Graves, Tabitha A and Gray, Miranda E and Hall, Kimberly R and Lawler, Josh J and Leonard, Paul B and others},
  journal={Conservation Biology},
  volume={33},
  number={2},
  pages={239--249},
  year={2019},
  publisher={Wiley Online Library}
}

@article{mcrae2006isolation,
  title={Isolation by resistance},
  author={McRae, Brad H},
  journal={Evolution},
  volume={60},
  number={8},
  pages={1551--1561},
  year={2006},
  publisher={Wiley Online Library}
}

@misc{doyle1984random,
  title={Random walks and electrical networks. Carus Math},
  author={Doyle, Peter G and Snell, EJ},
  year={1984},
  publisher={Monographs}
}

@article{mcrae2008using,
  title={Using circuit theory to model connectivity in ecology, evolution, and conservation},
  author={McRae, Brad H and Dickson, Brett G and Keitt, Timothy H and Shah, Viral B},
  journal={Ecology},
  volume={89},
  number={10},
  pages={2712--2724},
  year={2008},
  publisher={Wiley Online Library}
}

@article{van2011numpy,
  title={The NumPy array: a structure for efficient numerical computation},
  author={Van Der Walt, Stefan and Colbert, S Chris and Varoquaux, Gael},
  journal={Computing in Science \& Engineering},
  volume={13},
  number={2},
  pages={22},
  year={2011},
  publisher={IEEE Computer Society}
}

@article{jones2014scipy,
  title={$\{$SciPy$\}$: Open source scientific tools for $\{$Python$\}$},
  author={Jones, Eric and Oliphant, Travis and Peterson, Pearu},
  year={2014}
}

@article{bell2015pyamg,
  title={PyAMG: Algebraic multigrid solvers in Python v3. 0, 2015},
  author={Bell, WN and Olson, LN and Schroder, JB},
  journal={URL http://www. pyamg. org. Release},
  volume={3},
  year={2015}
}

@article{leonard2017gflow,
  title={gflow: software for modelling circuit theory-based connectivity at any scale},
  author={Leonard, Paul B and Duffy, Edward B and Baldwin, Robert F and McRae, Brad H and Shah, Viral B and Mohapatra, Tanmay K},
  journal={Methods in Ecology and Evolution},
  volume={8},
  number={4},
  pages={519--526},
  year={2017},
  publisher={Wiley Online Library}
}

@techreport{balay2004petsc,
  title={PETSc users manual},
  author={Balay, Satish and Buschelman, Kris and Eijkhout, Victor and Gropp, William D and Kaushik, Dinesh and Knepley, Matthew G and McInnes, Lois Curfman and Smith, Barry F and Zhang, Hong},
  year={2004},
  institution={Technical Report ANL-95/11-Revision 2.1. 5, Argonne National Laboratory}
}
@article{yang2002boomeramg,
  title={BoomerAMG: a parallel algebraic multigrid solver and preconditioner},
  author={Yang, Ulrike Meier and others},
  journal={Applied Numerical Mathematics},
  volume={41},
  number={1},
  pages={155--177},
  year={2002},
  publisher={Elsevier}
}

@article{bezanson2017julia,
  title={Julia: A fresh approach to numerical computing},
  author={Bezanson, Jeff and Edelman, Alan and Karpinski, Stefan and Shah, Viral B},
  journal={SIAM review},
  volume={59},
  number={1},
  pages={65--98},
  year={2017},
  publisher={SIAM}
}

@article{higham2009cholesky,
  title={Cholesky factorization},
  author={Higham, Nicholas J},
  journal={Wiley Interdisciplinary Reviews: Computational Statistics},
  volume={1},
  number={2},
  pages={251--254},
  year={2009},
  publisher={Wiley Online Library}
}

@article{pelletier2014applying,
  title={Applying circuit theory for corridor expansion and management at regional scales: tiling, pinch points, and omnidirectional connectivity},
  author={Pelletier, David and Clark, Melissa and Anderson, Mark G and Rayfield, Bronwyn and Wulder, Michael A and Cardille, Jeffrey A},
  journal={PLoS One},
  volume={9},
  number={1},
  pages={e84135},
  year={2014},
  publisher={Public Library of Science}
}

@article{mcrae2016conserving,
  title={Conserving nature’s stage: Mapping omnidirectional connectivity for resilient terrestrial landscapes in the Pacific Northwest},
  author={McRae, BH and Popper, K and Jones, A and Schindel, M and Buttrick, S and Hall, K and Unnasch, RS and Platt, J},
  journal={The Nature Conservancy, Portland, Oregon},
  year={2016}
}

@book{trefethen1997numerical,
  title={Numerical linear algebra},
  author={Trefethen, Lloyd N and Bau III, David},
  volume={50},
  year={1997},
  publisher={Siam}
}

@article{vanvek1996algebraic,
  title={Algebraic multigrid by smoothed aggregation for second and fourth order elliptic problems},
  author={Van{\v{e}}k, Petr and Mandel, Jan and Brezina, Marian},
  journal={Computing},
  volume={56},
  number={3},
  pages={179--196},
  year={1996},
  publisher={Springer}
}

@incollection{stuben2001review,
  title={A review of algebraic multigrid},
  author={St{\"u}ben, Klaus},
  booktitle={Numerical Analysis: Historical Developments in the 20th Century},
  pages={331--359},
  year={2001},
  publisher={Elsevier}
}

@article{chen2008algorithm,
  title={Algorithm 887: CHOLMOD, supernodal sparse Cholesky factorization and update/downdate},
  author={Chen, Yanqing and Davis, Timothy A and Hager, William W and Rajamanickam, Sivasankaran},
  journal={ACM Transactions on Mathematical Software (TOMS)},
  volume={35},
  number={3},
  pages={22},
  year={2008},
  publisher={ACM}
}

@article{drake2017using,
  title={Using nested connectivity models to resolve management conflicts of isolated water networks in the Sonoran Desert},
  author={Drake, Joseph C and Griffis-Kyle, Kerry and McIntyre, Nancy E},
  journal={Ecosphere},
  volume={8},
  number={1},
  year={2017},
  publisher={Wiley Online Library}
}

@article{gray2019,
title={A range-wide model of contemporary, omnidirectional connectivity for the threatened Mojave desert tortoise. (In Review) },
author={Gray, M.E., B.G. Dickson, K.E. Nussear, T.E. Esque, and T. Chang},
journal={Ecosphere},
year={2019},
notes={In Review}
}

@article{mcrae2009circuitscape,
  title={Circuitscape user’s guide},
  author={McRae, Brad H and Shah, Viral B},
  journal={The University of California, Santa Barbara},
  year={2009}
}

@misc{mcrae_shah_mohapatra_anantharaman, 
title={https://circuitscape.org/applications/}, url={https://circuitscape.org/applications/},
journal={Circuitscape}, 
author={McRae, Brad and Shah, Viral and Mohapatra, Tanmay and Anantharaman, Ranjan},
year={2019}
}

@misc{timothee_poisot_2018_1438428,
  author       = {Timothée Poisot and
                  Zacharie Bélisle},
  title        = {{EcologicalNetworks.jl - analysing ecological 
                   networks}},
  month        = sep,
  year         = 2018,
  doi          = {10.5281/zenodo.1438428},
  url          = {https://doi.org/10.5281/zenodo.1438428}
}

@misc{delmas_eva_2019_2584373,
  author       = {Delmas, Eva and
                  Bideault, Azenor and
                  Clegg, Tom and
                  Poisot, Timothée},
  title        = {{Simulations of biomass dynamics and extinctions in 
                   food webs}},
  month        = mar,
  year         = 2019,
  doi          = {10.5281/zenodo.2584373},
  url          = {https://doi.org/10.5281/zenodo.2584373}
}

@misc{pydoc,
  title={PYTHON 2.7.16 Reference Manual},
  author={Van Rossum, Guido and Drake, Fred L},
  url={https://docs.python.org/2/library/multiprocessing.html},
  year={2009},
  publisher={CreateSpace}
}

@misc{gray2019, 
    title={A range‐wide model of contemporary, omnidirectional connectivity for the threatened Mojave desert tortoise}, 
    author={Gray, Miranda E and Dickson, Brett G and Nussear, Kenneth E and Esque, Todd C and Chang, Tony},
    publisher={Ecosphere}, 
    year={2019}
}

@article{baldwin2018future,
  title={The future of landscape conservation},
  author={Baldwin, Robert F and Trombulak, Stephen C and Leonard, Paul B and Noss, Reed F and Hilty, Jodi A and Possingham, Hugh P and Scarlett, Lynn and Anderson, Mark G},
  journal={BioScience},
  volume={68},
  number={2},
  pages={60--63},
  year={2018},
  publisher={Oxford University Press}
}